@misc{ Qiskit-Textbook,
       author = {Abraham Asfaw and Luciano Bello and Yael Ben-Haim and Sergey Bravyi and Lauren Capelluto and Almudena Carrera Vazquez and
           Jay Gambetta and Shelly Garion and Leron Gil and Salvador De La Puente Gonzalez and David McKay and Zlatko Minev and Paul Nation and Anna Phan
               and Arthur Rattew and Javad Shabani and John Smolin and Kristan Temme and Madeleine Tod and James Wootton.},
       title = {Learn Quantum Computation Using Qiskit},
       year = {2019},
       url = {http://community.qiskit.org/textbook},
}
