@online{QM-Schrodinger,
    title = {Introduction to Quantum Mechanics: Schrodinger Equation},
    year = {2017},
    organization = {Youtube},
    author = {Khan},
    url = {https://youtu.be/kUm4q0UIpio},
}