@online{QM-Heisenberg,
    title = {The Heisenberg Uncertainty Principle: Proof/Explanation},
    year = {2018},
    organization = {Youtube},
    author = {Khan},
    url = {https://youtu.be/YIpc4RNhuK4},
}