@book{neill2016cambridge,
  title={Cambridge International AS and A Level Mathematics: Pure Mathematics 2 and 3 Revised Edition Coursebook},
  author={Neill, H. and Quadling, D. and Gilbey, J.},
  number={v. 2},
  isbn={9781316600221},
  series={Cambridge International AS and A level mathematics},
  url={https://books.google.co.id/books?id=Cz2eDAAAQBAJ},
  year={2016},
  publisher={Cambridge University Press}
}

@book{kreyszig1999advanced,
  title={Advanced Engineering Mathematics},
  author={Kreyszig, E.},
  isbn={9780471154969},
  lccn={98037591},
  url={https://books.google.co.id/books?id=Xfo\_AQAAIAAJ},
  year={1999},
  publisher={Wiley}
}
