@book{neill2016cambridge,
  title={Cambridge International AS and A Level Mathematics: Pure Mathematics 2 and 3 Revised Edition Coursebook},
  author={Neill, H. and Quadling, D. and Gilbey, J.},
  number={v. 2},
  isbn={9781316600221},
  series={Cambridge International AS and A level mathematics},
  url={https://books.google.co.id/books?id=Cz2eDAAAQBAJ},
  year={2016},
  publisher={Cambridge University Press}
}
