@online{QM-Position-Momentum,
    title = {Position and Momentum from Wavefunctions | Quantum Mechanics},
    year = {2018},
    organization = {Youtube},
    author = {Khan},
    url = {https://youtu.be/Egu4i8umpoM},
}