@book{neill2016cambridge,
  title={Cambridge International AS and A Level Mathematics: Pure Mathematics 1 Coursebook},
  author={Neill, H. and Quadling, D. and Gilbey, J.},
  number={v. 1},
  isbn={9781316600207},
  series={Cambridge International As and a Level Mathematics},
  url={https://books.google.co.id/books?id=OEyeDAAAQBAJ},
  year={2016},
  publisher={Cambridge University Press}
}

@book{stewart2007calculus,
  title={Calculus: Early Transcendentals},
  author={Stewart, J.},
  isbn={9780495011668},
  lccn={2006939532},
  series={Available 2010 Titles Enhanced Web Assign Series},
  url={https://books.google.co.id/books?id=n8eH2eWDq4oC},
  year={2007},
  publisher={Cengage Learning}
}
